@article{1,
  title={A Proposed RFID Based Student Attendance System},
  author={Al-Naima, Fawzi M and Saleh, Maryam Alaa},
  journal={International Journal of Computing and Network Technology},
  volume={3},
  number={02},
  year={2015},
  publisher={University of Bahrain}
}

@inproceedings{2,
	title={RFID technology and its applications in Internet of Things (IoT)},
	author={Jia, Xiaolin and Feng, Quanyuan and Fan, Taihua and Lei, Quanshui},
	booktitle={2012 2nd international conference on consumer electronics, communications and networks (CECNet)},
	pages={1282--1285},
	organization={IEEE}
}

@article{3,
	title={Android based smart learning and attendance management system},
	author={Joshi, Rakhi and Shete, VV and Somani, SB},
	journal={International Journal of Advanced Research in Computer and Communication Engineering},
	volume={4},
	number={6},
	pages={256--260},
	year={2015}
}

@inproceedings{4,
	title={Fingerprint attendance system for classroom needs},
	author={Mohamed, Basheer KP and Raghu, CV},
	booktitle={2012 Annual IEEE India Conference (INDICON)},
	pages={433--438}
}

@inproceedings{5,
	title={	http://oktel.hu/szolgaltatas/belepteto-rendszer/biometrikus-azonositas/}
}

@inproceedings{6,
	title={https://www.slideshare.net/szabojudo/biometriai-alapelvek}
}

@article{7,
	title={Implementation of classroom attendance system based on face recognition in class},
	author={Patil, Ajinkya and Shukla, Mrudang},
	journal={International Journal of Advances in Engineering \& Technology},
	volume={7},
	number={3},
	pages={974},
	year={2014},
	publisher={IAET Publishing Company}
}

@inproceedings{8,
	title={https://oktel.hu/szolgaltatas/belepteto-rendszer/biometrikus-azonositas/arc-es-hangazonositas/}
}

@inproceedings{9,
  title={Deep face recognition: A survey},
  author={Masi, Iacopo and Wu, Yue and Hassner, Tal and Natarajan, Prem},
  booktitle={2018 31st SIBGRAPI conference on graphics, patterns and images (SIBGRAPI)},
  pages={471--478},
  year={2018},
  organization={IEEE}
}

@incollection{10,
  title={Introduction to biometrics},
  author={Jain, Anil and Bolle, Ruud and Pankanti, Sharath},
  booktitle={Biometrics},
  pages={1--41},
  year={1996},
  publisher={Springer}
}

@article{11,
  title={Face recognition across illumination},
  author={Aly, Saleh and Sagheer, Alaa and Tsuruta, Naoyuki and Taniguchi, Rin-ichiro},
  journal={Artificial Life and Robotics},
  volume={12},
  number={1},
  pages={33--37},
  year={2008},
  publisher={Springer}
}

@article{12,
  title={Dictionary-based face recognition under variable lighting and pose},
  author={Patel, Vishal M and Wu, Tao and Biswas, Soma and Phillips, P Jonathon and Chellappa, Rama},
  journal={IEEE Transactions on Information Forensics and Security},
  volume={7},
  number={3},
  pages={954--965},
  year={2012},
  publisher={IEEE}
}

@article{13,
  title={Sparse feature extraction for pose-tolerant face recognition},
  author={Abiantun, Ramzi and Prabhu, Utsav and Savvides, Marios},
  journal={IEEE transactions on pattern analysis and machine intelligence},
  volume={36},
  number={10},
  pages={2061--2073},
  year={2014},
  publisher={IEEE}
}

@inproceedings{14,
  title={Face recognition based on frontal views generated from non-frontal images},
  author={Blanz, Volker and Grother, Patrick and Phillips, P Jonathon and Vetter, Thomas},
  booktitle={2005 IEEE Computer Society Conference on Computer Vision and Pattern Recognition (CVPR'05)},
  volume={2},
  pages={454--461},
  year={2005},
  organization={IEEE}
}

@article{15,
  title={Local descriptors in application to the aging problem in face recognition},
  author={Bereta, Micha{\l} and Karczmarek, Pawe{\l} and Pedrycz, Witold and Reformat, Marek},
  journal={Pattern Recognition},
  volume={46},
  number={10},
  pages={2634--2646},
  year={2013},
  publisher={Elsevier}
}

@article{16,
  title={Recognizing imprecisely localized, partially occluded, and expression variant faces from a single sample per class},
  author={Martinez, Aleix M},
  journal={IEEE Transactions on Pattern analysis and machine intelligence},
  volume={24},
  number={6},
  pages={748--763},
  year={2002},
  publisher={IEEE}
}

@article{17,
  title={Face recognition under occlusions and variant expressions with partial similarity},
  author={Tan, Xiaoyang and Chen, Songcan and Zhou, Zhi-Hua and Liu, Jun},
  journal={IEEE Transactions on information forensics and security},
  volume={4},
  number={2},
  pages={217--230},
  year={2009},
  publisher={IEEE}
}


@article{18,
  title={An identity authentication method combining liveness detection and face recognition},
  author={Liu, Shuhua and Song, Yu and Zhang, Mengyu and Zhao, Jianwei and Yang, Shihao and Hou, Kun},
  journal={Sensors},
  volume={19},
  number={21},
  pages={4733},
  year={2019},
  publisher={MDPI}
}

@article{19,
  title={Face spoofing detection using colour texture analysis},
  author={Boulkenafet, Zinelabidine and Komulainen, Jukka and Hadid, Abdenour},
  journal={IEEE Transactions on Information Forensics and Security},
  volume={11},
  number={8},
  pages={1818--1830},
  year={2016},
  publisher={IEEE}
}

@article{20,
  title={Presentation attack detection for face recognition using light field camera},
  author={Raghavendra, Ramachandra and Raja, Kiran B and Busch, Christoph},
  journal={IEEE Transactions on Image Processing},
  volume={24},
  number={3},
  pages={1060--1075},
  year={2015},
  publisher={IEEE}
}

@inproceedings{21,
	title={https://towardsdatascience.com/face-detection-models-which-to-use-and-why-d263e82c302c}
}

@inproceedings{101,
	title={https://developer.android.com/studio/intro}
}

@inproceedings{91,
	title={https://developers.google.com/apps-script/overview}
}


@inproceedings{111,
	title={https://www.educative.io/edpresso/what-is-firebase}
}

@inproceedings{122,
	title={https://firebase.google.com/docs/database}
}

@inproceedings{131,
	title={https://firebase.google.com/docs/auth}
}

@inproceedings{141,
	title={https://www.hostinger.com/tutorials/what-is-github}
}

@inproceedings{151,
	title={https://en.wikipedia.org/wiki/LaTeX}
}

@inproceedings{161,
	title={https://hu.wikipedia.org/wiki/QR-k%C3%B3d}
}

@inproceedings{171,
	title={https://ncase.me/contact-tracing/}
}



