@article{1,
  title={A Proposed RFID Based Student Attendance System},
  author={Al-Naima, Fawzi M and Saleh, Maryam Alaa},
  journal={International Journal of Computing and Network Technology},
  volume={3},
  number={02},
  year={2015},
  publisher={University of Bahrain}
}

@inproceedings{2,
	title={RFID technology and its applications in Internet of Things (IoT)},
	author={Jia, Xiaolin and Feng, Quanyuan and Fan, Taihua and Lei, Quanshui},
	booktitle={2012 2nd international conference on consumer electronics, communications and networks (CECNet)},
	pages={1282--1285},
	organization={IEEE}
}

@article{3,
	title={Android based smart learning and attendance management system},
	author={Joshi, Rakhi and Shete, VV and Somani, SB},
	journal={International Journal of Advanced Research in Computer and Communication Engineering},
	volume={4},
	number={6},
	pages={256--260},
	year={2015}
}

@inproceedings{4,
	title={Fingerprint attendance system for classroom needs},
	author={Mohamed, Basheer KP and Raghu, CV},
	booktitle={2012 Annual IEEE India Conference (INDICON)},
	pages={433--438}
}

@inproceedings{5,
	title={	http://oktel.hu/szolgaltatas/belepteto-rendszer/biometrikus-azonositas/}
}

@inproceedings{6,
	title={https://www.slideshare.net/szabojudo/biometriai-alapelvek}
}

@article{7,
	title={Implementation of classroom attendance system based on face recognition in class},
	author={Patil, Ajinkya and Shukla, Mrudang},
	journal={International Journal of Advances in Engineering \& Technology},
	volume={7},
	number={3},
	pages={974},
	year={2014},
	publisher={IAET Publishing Company}
}

@inproceedings{8,
	title={https://oktel.hu/szolgaltatas/belepteto-rendszer/biometrikus-azonositas/arc-es-hangazonositas/}
}

@inproceedings{9,
	title={https://developer.android.com/studio/intro}
}

@inproceedings{10,
	title={https://developers.google.com/apps-script/overview}
}


@inproceedings{11,
	title={https://www.educative.io/edpresso/what-is-firebase}
}

@inproceedings{12,
	title={https://firebase.google.com/docs/database}
}

@inproceedings{13,
	title={https://firebase.google.com/docs/auth}
}

@inproceedings{14,
	title={https://www.hostinger.com/tutorials/what-is-github}
}

@inproceedings{15,
	title={https://en.wikipedia.org/wiki/LaTeX}
}

@inproceedings{16,
	title={https://hu.wikipedia.org/wiki/QR-k%C3%B3d}
}

@inproceedings{17,
	title={https://ncase.me/contact-tracing/}
}


